@article{DD&DIS11,
author = {Dugger, Daniel and Spivak, David I.},
title = {Mapping spaces in quasi-categories},
journal = {Algebr. Geom. Topol.},
fjournal = {Algebraic & Geometric Topology},
volume = {11},
number = {1},
year = {2011},
pages = {263--323}}

@TECHREPORT{Reedy74,
    author = {C. L. Reedy},
    title = {Homotopy theory of model categories},
    institution = {},
    year = {1974}
}

@article {MR2474446,
    AUTHOR = {van den Berg, Benno and Moerdijk, Ieke},
     TITLE = {Aspects of predicative algebraic set theory. {I}. {E}xact
              completion},
   JOURNAL = {Ann. Pure Appl. Logic},
  FJOURNAL = {Annals of Pure and Applied Logic},
    VOLUME = {156},
      YEAR = {2008},
    NUMBER = {1},
     PAGES = {123--159},
      ISSN = {0168-0072},
     CODEN = {APALD7},
   MRCLASS = {03E70 (03G30 18B05)},
  MRNUMBER = {2474446 (2010c:03034)},
MRREVIEWER = {Nicola Gambino},
       DOI = {10.1016/j.apal.2008.06.013},
       URL = {http://dx.doi.org/10.1016/j.apal.2008.06.013},
}

@article{MSC:8896618,
author = {Stekelenburg, Wouter Pieter},
title = {Regular functors and relative realisability categories},
journal = {Mathematical Structures in Computer Science},
volume = {FirstView},
month = {5},
year = {2013},
issn = {1469-8072},
pages = {1--29},
numpages = {29},
doi = {10.1017/S0960129512000990},
URL = {http://journals.cambridge.org/article_S0960129512000990},
}

@article {MR2139905,
    AUTHOR = {Abramsky, Samson and Lenisa, Marina},
     TITLE = {Linear realizability and full completeness for typed
              lambda-calculi},
   JOURNAL = {Ann. Pure Appl. Logic},
  FJOURNAL = {Annals of Pure and Applied Logic},
    VOLUME = {134},
      YEAR = {2005},
    NUMBER = {2-3},
     PAGES = {122--168},
      ISSN = {0168-0072},
     CODEN = {APALD7},
   MRCLASS = {03B40 (03F52 03G30 68N18)},
  MRNUMBER = {2139905 (2006a:03018)},
MRREVIEWER = {R. Gylys},
       DOI = {10.1016/j.apal.2004.08.003},
       URL = {http://dx.doi.org/10.1016/j.apal.2004.08.003},
}

@article {MR2075331,
    AUTHOR = {Hofmann, Martin and Scott, P. J.},
     TITLE = {Realizability models for {BLL}-like languages},
   JOURNAL = {Theoret. Comput. Sci.},
  FJOURNAL = {Theoretical Computer Science},
    VOLUME = {318},
      YEAR = {2004},
    NUMBER = {1-2},
     PAGES = {121--137},
      ISSN = {0304-3975},
     CODEN = {TCSDI},
   MRCLASS = {03F52 (03B70 03D15 68Q15)},
  MRNUMBER = {2075331 (2005j:03045)},
MRREVIEWER = {Henry Africk},
       DOI = {10.1016/j.tcs.2003.10.019},
       URL = {http://dx.doi.org/10.1016/j.tcs.2003.10.019},
}

@article {MR2074932,
    AUTHOR = {Rummelhoff, Ivar},
     TITLE = {Polynat in {PER} models},
   JOURNAL = {Theoret. Comput. Sci.},
  FJOURNAL = {Theoretical Computer Science},
    VOLUME = {316},
      YEAR = {2004},
    NUMBER = {1-3},
     PAGES = {215--224},
      ISSN = {0304-3975},
     CODEN = {TCSDI},
   MRCLASS = {68Q65 (03B40 03F35)},
  MRNUMBER = {2074932 (2005c:68182)},
       DOI = {10.1016/j.tcs.2004.01.031},
       URL = {http://dx.doi.org/10.1016/j.tcs.2004.01.031},
}

@article {MR1097022,
    AUTHOR = {Rosolini, Giuseppe},
     TITLE = {About modest sets},
      NOTE = {Third Italian Conference on Theoretical Computer Science
              (Mantova, 1990)},
   JOURNAL = {Internat. J. Found. Comput. Sci.},
  FJOURNAL = {International Journal of Foundations of Computer Science},
    VOLUME = {1},
      YEAR = {1990},
    NUMBER = {3},
     PAGES = {341--353},
      ISSN = {0129-0541},
   MRCLASS = {68Q55},
  MRNUMBER = {1097022 (92b:68047)},
MRREVIEWER = {Luis M. Laita},
       DOI = {10.1142/S0129054190000242},
       URL = {http://dx.doi.org/10.1142/S0129054190000242},
}

@incollection {MR1076404,
    AUTHOR = {Hyland, J. M. E. and Robinson, E. P. and Rosolini, Giuseppe},
     TITLE = {Algebraic types in {PER} models},
 BOOKTITLE = {Mathematical foundations of programming semantics ({N}ew
              {O}rleans, {LA}, 1989)},
    SERIES = {Lecture Notes in Comput. Sci.},
    VOLUME = {442},
     PAGES = {333--350},
 PUBLISHER = {Springer},
   ADDRESS = {Berlin},
      YEAR = {1990},
   MRCLASS = {68Q65 (03B40 03B70 18B20 68Q55)},
  MRNUMBER = {1076404 (91h:68128)},
       DOI = {10.1007/BFb0040266},
       URL = {http://dx.doi.org/10.1007/BFb0040266},
}

@incollection {MR1003196,
    AUTHOR = {Freyd, Peter J.},
     TITLE = {P{OLYNAT} in {PER}},
 BOOKTITLE = {Categories in computer science and logic ({B}oulder, {CO},
              1987)},
    SERIES = {Contemp. Math.},
    VOLUME = {92},
     PAGES = {67--68},
 PUBLISHER = {Amer. Math. Soc.},
   ADDRESS = {Providence, RI},
      YEAR = {1989},
   MRCLASS = {03D20},
  MRNUMBER = {1003196},
       DOI = {10.1090/conm/092/1003196},
       URL = {http://dx.doi.org/10.1090/conm/092/1003196},
}

@article {MR1209554,
    AUTHOR = {Droste, Manfred},
     TITLE = {Concurrent automata and domains},
   JOURNAL = {Internat. J. Found. Comput. Sci.},
  FJOURNAL = {International Journal of Foundations of Computer Science},
    VOLUME = {3},
      YEAR = {1992},
    NUMBER = {4},
     PAGES = {389--418},
      ISSN = {0129-0541},
   MRCLASS = {68Q10 (68Q55 68Q70)},
  MRNUMBER = {1209554 (94c:68061)},
MRREVIEWER = {Wies{\l}aw Zielonka},
       DOI = {10.1142/S0129054192000218},
       URL = {http://dx.doi.org/10.1142/S0129054192000218},
}

@article {Freyd91,
    AUTHOR = {Freyd, Peter J.},
     TITLE = {Algebraically complete categories},
   JOURNAL = {Lecture notes in mathematics},
    VOLUME = {1488},
      YEAR = {1991},
     PAGES = {95--104},
}


@article {MR1239602,
    AUTHOR = {Berardi, Stefano},
     TITLE = {An application of {PER} models to program extraction},
   JOURNAL = {Math. Structures Comput. Sci.},
  FJOURNAL = {Mathematical Structures in Computer Science. A Journal in the
              Applications of Categorical, Algebraic and Geometric Methods
              in Computer Science},
    VOLUME = {3},
      YEAR = {1993},
    NUMBER = {3},
     PAGES = {309--331},
      ISSN = {0960-1295},
   MRCLASS = {68Q55 (03B40 03B70 03C85)},
  MRNUMBER = {1239602 (95b:68067)},
MRREVIEWER = {Manfred Broy},
       DOI = {10.1017/S0960129500000244},
       URL = {http://dx.doi.org/10.1017/S0960129500000244},
}



@article {MR1047051,
    AUTHOR = {Bainbridge, E. S. and Freyd, Peter J. and Scedrov, A. and Scott,
              P. J.},
     TITLE = {Functorial polymorphism},
      NOTE = {Fourth Workshop on Mathematical Foundations of Programming
              Semantics (Boulder, CO, 1988)},
   JOURNAL = {Theoret. Comput. Sci.},
  FJOURNAL = {Theoretical Computer Science},
    VOLUME = {70},
      YEAR = {1990},
    NUMBER = {1},
     PAGES = {35--64},
      ISSN = {0304-3975},
     CODEN = {TCSDI},
   MRCLASS = {03G30 (03B40 03B70 68Q55)},
  MRNUMBER = {1047051 (91g:03129a)},
MRREVIEWER = {John C. Mitchell},
       DOI = {10.1016/0304-3975(90)90151-7},
       URL = {http://dx.doi.org/10.1016/0304-3975(90)90151-7},
}

@article {KLV12,
author = {Kapulkin, Chris and Lumsdaine, Peter and Voevodsky, Vladimir},
title = {The Simplicial Model of Univalent Foundations},
     journal   = "preprint",
     volume    = "",
     year      = "2012",
     pages     = "",
     archiveprefix = "arXiv",
     eprint = "1211.2851",
     primaryclass = "math.lo"

}

@book {GJSHT,
    AUTHOR = {Goerss, Paul G. and Jardine, John F.},
     TITLE = {Simplicial Homotopy Theory},
    SERIES = {Progress in Mathematics},
    VOLUME = {174},
 PUBLISHER = {Birkh\"auser},
   ADDRESS = {Basel},
      YEAR = {1999},
      ISBN = {978-3-0348-8707-6},
}

@Book{hottbook,
  author =    {The {Univalent Foundations Program}},
  title =     {Homotopy Type Theory: Univalent Foundations of Mathematics},
  publisher = {\url{http://homotopytypetheory.org/book}},
  address =   {Institute for Advanced Study},
  year =      2013}

@book {Hovey99,
    AUTHOR = {Hovey, Mark},
     TITLE = {Model Categories},
    SERIES = {Mathematical Surveys and Monographs},
    VOLUME = {63},
 PUBLISHER = {American Mathematical Society},
   ADDRESS = {Providence},
      YEAR = {1999},
      ISBN = {978-0-8218-4361-1},
}


@book {MR1694538,
    AUTHOR = {Amadio, Roberto M. and Curien, Pierre-Louis},
     TITLE = {Domains and lambda-calculi},
    SERIES = {Cambridge Tracts in Theoretical Computer Science},
    VOLUME = {46},
 PUBLISHER = {Cambridge University Press},
   ADDRESS = {Cambridge},
      YEAR = {1998},
     PAGES = {xvi+484},
      ISBN = {0-521-62277-8},
   MRCLASS = {03B40 (06B35 68-02 68N18 68Q55)},
  MRNUMBER = {1694538 (2000g:03030)},
MRREVIEWER = {Ugo de'Liguoro},
       DOI = {10.1017/CBO9780511983504},
       URL = {http://dx.doi.org/10.1017/CBO9780511983504},
}

@incollection {MR1265066,
    AUTHOR = {Amadio, Roberto M.},
     TITLE = {On the adequacy of per models},
 BOOKTITLE = {Mathematical foundations of computer science 1993 ({G}da\'nsk,
              1993)},
    SERIES = {Lecture Notes in Comput. Sci.},
    VOLUME = {711},
     PAGES = {222--231},
 PUBLISHER = {Springer},
   ADDRESS = {Berlin},
      YEAR = {1993},
   MRCLASS = {68Q55 (03B40)},
  MRNUMBER = {1265066 (94j:68173)},
       DOI = {10.1007/3-540-57182-5_14},
       URL = {http://dx.doi.org/10.1007/3-540-57182-5_14},
}

@incollection {MR1099188,
    AUTHOR = {Abadi, M. and Plotkin, G. D.},
     TITLE = {A per model of polymorphism and recursive types},
 BOOKTITLE = {Fifth {A}nnual {IEEE} {S}ymposium on {L}ogic in {C}omputer
              {S}cience ({P}hiladelphia, {PA}, 1990)},
     PAGES = {355--365},
 PUBLISHER = {IEEE Comput. Soc. Press},
   ADDRESS = {Los Alamitos, CA},
      YEAR = {1990},
   MRCLASS = {68Q55 (03B40)},
  MRNUMBER = {1099188},
       DOI = {10.1109/LICS.1990.113761},
       URL = {http://dx.doi.org/10.1109/LICS.1990.113761},
}

@article {MR2731253,
    AUTHOR = {Johnstone, Peter T.},
     TITLE = {{\it {R}ealizability: an introduction to its categorical side}
              [book review of MR2479466]},
   JOURNAL = {Bull. Symbolic Logic},
  FJOURNAL = {Bulletin of Symbolic Logic},
    VOLUME = {16},
      YEAR = {2010},
    NUMBER = {3},
     PAGES = {407--409},
      ISSN = {1079-8986},
   MRCLASS = {00A17},
  MRNUMBER = {2731253},
}

@article {MR2893398,
    AUTHOR = {Krivine, Jean-Louis},
     TITLE = {Realizability algebras {II}: {N}ew models of {${\rm ZF}+{\rm
              DC}$}},
   JOURNAL = {Log. Methods Comput. Sci.},
  FJOURNAL = {Logical Methods in Computer Science},
    VOLUME = {8},
      YEAR = {2012},
    NUMBER = {1},
     PAGES = {1:10, 28},
      ISSN = {1860-5974},
   MRCLASS = {03E30 (03B40 03C62)},
  MRNUMBER = {2893398},
}

@inproceedings {MR1778941,
    AUTHOR = {van Oosten, Jaap and Simpson, Alex K.},
     TITLE = {Axioms and (counter)examples in synthetic domain theory},
 BOOKTITLE = {Proceedings of the {W}orkshop on {P}roof {T}heory and
              {C}omplexity, {PTAC}'98 ({A}arhus)},
   JOURNAL = {Ann. Pure Appl. Logic},
  FJOURNAL = {Annals of Pure and Applied Logic},
    VOLUME = {104},
      YEAR = {2000},
    NUMBER = {1-3},
     PAGES = {233--278},
      ISSN = {0168-0072},
     CODEN = {APALD7},
   MRCLASS = {68Q55 (03D15)},
  MRNUMBER = {1778941 (2002f:68105)},
       DOI = {10.1016/S0168-0072(00)00014-2},
       URL = {http://dx.doi.org/10.1016/S0168-0072(00)00014-2},
}

@article {MR2092853,
    AUTHOR = {Simpson, Alex},
     TITLE = {Computational adequacy for recursive types in models of
              intuitionistic set theory},
   JOURNAL = {Ann. Pure Appl. Logic},
  FJOURNAL = {Annals of Pure and Applied Logic},
    VOLUME = {130},
      YEAR = {2004},
    NUMBER = {1-3},
     PAGES = {207--275},
      ISSN = {0168-0072},
     CODEN = {APALD7},
   MRCLASS = {18A35 (03B70 03D45 03E75 03F55 18B25 68Q55)},
  MRNUMBER = {2092853 (2005i:18001)},
MRREVIEWER = {Peter Johnstone},
       DOI = {10.1016/j.apal.2003.12.005},
       URL = {http://dx.doi.org/10.1016/j.apal.2003.12.005},
}

@incollection {MR1717501,
    AUTHOR = {Simpson, Alex K.},
     TITLE = {Computational adequacy in an elementary topos},
 BOOKTITLE = {Computer science logic ({B}rno, 1998)},
    SERIES = {Lecture Notes in Comput. Sci.},
    VOLUME = {1584},
     PAGES = {323--342},
 PUBLISHER = {Springer},
   ADDRESS = {Berlin},
      YEAR = {1999},
   MRCLASS = {68Q55 (03G30)},
  MRNUMBER = {1717501 (2000g:68093)},
       DOI = {10.1007/10703163_22},
       URL = {http://dx.doi.org/10.1007/10703163_22},
}

@incollection {MR925221,
    AUTHOR = {Rosolini, Giuseppe},
     TITLE = {Categories and effective computations},
 BOOKTITLE = {Category theory and computer science ({E}dinburgh, 1987)},
    SERIES = {Lecture Notes in Comput. Sci.},
    VOLUME = {283},
     PAGES = {1--11},
 PUBLISHER = {Springer},
   ADDRESS = {Berlin},
      YEAR = {1987},
   MRCLASS = {03G30 (03D75 18B20 68Q60)},
  MRNUMBER = {925221 (89c:03101)},
MRREVIEWER = {Andreas Blass},
       DOI = {10.1007/3-540-18508-9_17},
       URL = {http://dx.doi.org/10.1007/3-540-18508-9_17},
}

@article {MR1486320,
    AUTHOR = {Longley, John R. and Simpson, Alex K.},
     TITLE = {A uniform approach to domain theory in realizability models},
      NOTE = {Logic, domains and programming languages (Darmstadt, 1995)},
   JOURNAL = {Math. Structures Comput. Sci.},
  FJOURNAL = {Mathematical Structures in Computer Science. A Journal in the
              Applications of Categorical, Algebraic and Geometric Methods
              in Computer Science},
    VOLUME = {7},
      YEAR = {1997},
    NUMBER = {5},
     PAGES = {469--505},
      ISSN = {0960-1295},
   MRCLASS = {68Q55 (18B99 68N15)},
  MRNUMBER = {1486320 (98m:68168)},
MRREVIEWER = {Guo-Qiang Zhang},
       DOI = {10.1017/S0960129597002387},
       URL = {http://dx.doi.org/10.1017/S0960129597002387},
}

@book {MR1440855,
    AUTHOR = {Fiore, Marcelo P.},
     TITLE = {Axiomatic domain theory in categories of partial maps},
    SERIES = {Distinguished Dissertations in Computer Science},
      NOTE = {Dissertation, University of Edinburgh, Edinburgh, 1994},
 PUBLISHER = {Cambridge University Press},
   ADDRESS = {Cambridge},
      YEAR = {1996},
     PAGES = {xiv+240},
      ISBN = {0-521-57188-X},
   MRCLASS = {68Q55 (18B10 18D20)},
  MRNUMBER = {1440855 (98c:68127)},
MRREVIEWER = {Guo-Qiang Zhang},
       DOI = {10.1017/CBO9780511526565},
       URL = {http://dx.doi.org/10.1017/CBO9780511526565},
}

@book {MR970277,
    AUTHOR = {Troelstra, A. S. and van Dalen, D.},
     TITLE = {Constructivism in mathematics. {V}ol. {II}},
    SERIES = {Studies in Logic and the Foundations of Mathematics},
    VOLUME = {123},
      NOTE = {An introduction},
 PUBLISHER = {North-Holland Publishing Co.},
   ADDRESS = {Amsterdam},
      YEAR = {1988},
     PAGES = {i--xviii and 345--880 and I--LII},
      ISBN = {0-444-70358-6},
   MRCLASS = {03-01 (03B15 03Fxx 03G30)},
  MRNUMBER = {970277 (90e:03002b)},
MRREVIEWER = {G. E. Mints},
}

@book {MR1005942,
    AUTHOR = {Pour-El, Marian B. and Richards, J. Ian},
     TITLE = {Computability in analysis and physics},
    SERIES = {Perspectives in Mathematical Logic},
 PUBLISHER = {Springer-Verlag},
   ADDRESS = {Berlin},
      YEAR = {1989},
     PAGES = {xii+206},
      ISBN = {3-540-50035-9},
   MRCLASS = {03F60 (03D80 46-02 46R05 47-02 65Jxx)},
  MRNUMBER = {1005942 (90k:03062)},
MRREVIEWER = {Rodney G. Downey},
}

@book {MR1795407,
    AUTHOR = {Weihrauch, Klaus},
     TITLE = {Computable analysis},
    SERIES = {Texts in Theoretical Computer Science. An EATCS Series},
      NOTE = {An introduction},
 PUBLISHER = {Springer-Verlag},
   ADDRESS = {Berlin},
      YEAR = {2000},
     PAGES = {x+285},
      ISBN = {3-540-66817-9},
   MRCLASS = {03F60 (03-02 03D15 68Q05 68Q15)},
  MRNUMBER = {1795407 (2002b:03129)},
MRREVIEWER = {A. Ku{\v{c}}era},
       DOI = {10.1007/978-3-642-56999-9},
       URL = {http://dx.doi.org/10.1007/978-3-642-56999-9},
}

@incollection {MR1233148,
    AUTHOR = {Hyland, J. M. E. and Ong, C.-H. L.},
     TITLE = {Modified realizability toposes and strong normalization proofs
              (extended abstract)},
 BOOKTITLE = {Typed lambda calculi and applications ({U}trecht, 1993)},
    SERIES = {Lecture Notes in Comput. Sci.},
    VOLUME = {664},
     PAGES = {179--194},
 PUBLISHER = {Springer},
   ADDRESS = {Berlin},
      YEAR = {1993},
   MRCLASS = {03B40 (03B70 03F05 03F55 03G30 68Q55)},
  MRNUMBER = {1233148},
       DOI = {10.1007/BFb0037106},
       URL = {http://dx.doi.org/10.1007/BFb0037106},
}


@incollection {Longley_matchingtyped,
    author = {John R. Longley},
    title = {Matching typed and untyped realizability},
    booktitle = {Workshop on Realizability Semantics and Applications},
    series = {Electronic Notes in Computer Science},
    volume = 23,
    pages = {74--100},
    publisher = {Elsevier},
    year = {1999},
}



@incollection {MR0360735,
    AUTHOR = {Reyes, Gonzalo E.},
     TITLE = {From sheaves to logic},
 BOOKTITLE = {Studies in algebraic logic},
     PAGES = {143--204. Studies in Math., Vol. 9},
 PUBLISHER = {Math. Assoc. Amer., Washington, D.C.},
      YEAR = {1974},
   MRCLASS = {18A15 (02H10)},
  MRNUMBER = {0360735 (50 \#13182)},
MRREVIEWER = {R. Diaconescu},
}

@article {MR2211183,
    AUTHOR = {Terwijn, Sebastiaan A.},
     TITLE = {Constructive logic and the {M}edvedev lattice},
   JOURNAL = {Notre Dame J. Formal Logic},
  FJOURNAL = {Notre Dame Journal of Formal Logic},
    VOLUME = {47},
      YEAR = {2006},
    NUMBER = {1},
     PAGES = {73--82 (electronic)},
      ISSN = {0029-4527},
     CODEN = {NDJFAM},
   MRCLASS = {03D30 (03B55 03G10)},
  MRNUMBER = {2211183 (2007h:03077)},
       DOI = {10.1305/ndjfl/1143468312},
       URL = {http://dx.doi.org/10.1305/ndjfl/1143468312},
}

@article {MR0073542,
    AUTHOR = {Medvedev, Yu. T.},
     TITLE = {Degrees of difficulty of the mass problem},
   JOURNAL = {Dokl. Akad. Nauk SSSR (N.S.)},
  FJOURNAL = {Doklady Akademii Nauk SSSR},
    VOLUME = {104},
      YEAR = {1955},
     PAGES = {501--504},
      ISSN = {0002-3264},
   MRCLASS = {02.0X},
  MRNUMBER = {0073542 (17,448b)},
MRREVIEWER = {E. J. Cogan},
}

@article {MR2814748,
    AUTHOR = {Dal Lago, Ugo and Hofmann, Martin},
     TITLE = {Realizability models and implicit complexity},
   JOURNAL = {Theoret. Comput. Sci.},
  FJOURNAL = {Theoretical Computer Science},
    VOLUME = {412},
      YEAR = {2011},
    NUMBER = {20},
     PAGES = {2029--2047},
      ISSN = {0304-3975},
     CODEN = {TCSDI},
   MRCLASS = {03F52 (03D15)},
  MRNUMBER = {2814748 (2012f:03132)},
MRREVIEWER = {Hajime Ishihara},
       DOI = {10.1016/j.tcs.2010.12.025},
       URL = {http://dx.doi.org/10.1016/j.tcs.2010.12.025},
}

@article {MR1909029,
    AUTHOR = {Hyland, J. M. E.},
     TITLE = {Variations on realizability: realizing the propositional axiom
              of choice},
      NOTE = {Realizability (Trento, 1999)},
   JOURNAL = {Math. Structures Comput. Sci.},
  FJOURNAL = {Mathematical Structures in Computer Science. A Journal in the
              Applications of Categorical, Algebraic and Geometric Methods
              in Computer Science},
    VOLUME = {12},
      YEAR = {2002},
    NUMBER = {3},
     PAGES = {295--317},
      ISSN = {0960-1295},
   MRCLASS = {03F50 (03G30)},
  MRNUMBER = {1909029 (2003j:03078)},
       DOI = {10.1017/S0960129502003651},
       URL = {http://dx.doi.org/10.1017/S0960129502003651},
}

@book {MR2638259,
    AUTHOR = {Lipton, James B.},
     TITLE = {Relating {K}ripke models and realizability},
      NOTE = {Thesis (Ph.D.)--Cornell University},
 PUBLISHER = {ProQuest LLC, Ann Arbor, MI},
      YEAR = {1990},
     PAGES = {122},
   MRCLASS = {Thesis},
  MRNUMBER = {2638259},
       URL = {http://gateway.proquest.com/openurl?url_ver=Z39.88-2004&rft_val_fmt=info:ofi/fmt:kev:mtx:dissertation&res_dat=xri:pqdiss&rft_dat=xri:pqdiss:9018095},
}

@incollection {MR1640330,
    AUTHOR = {Troelstra, A. S.},
     TITLE = {Realizability},
 BOOKTITLE = {Handbook of proof theory},
    SERIES = {Stud. Logic Found. Math.},
    VOLUME = {137},
     PAGES = {407--473},
 PUBLISHER = {North-Holland},
   ADDRESS = {Amsterdam},
      YEAR = {1998},
   MRCLASS = {03F55 (03F30 03F35)},
  MRNUMBER = {1640330 (99f:03084)},
MRREVIEWER = {Stewart Shapiro},
       DOI = {10.1016/S0049-237X(98)80021-9},
       URL = {http://dx.doi.org/10.1016/S0049-237X(98)80021-9},
}

@article {MR495115,
    AUTHOR = {Goodman, Nicolas D.},
     TITLE = {Relativized realizability in intuitionistic arithmetic of all
              finite types},
   JOURNAL = {J. Symbolic Logic},
  FJOURNAL = {The Journal of Symbolic Logic},
    VOLUME = {43},
      YEAR = {1978},
    NUMBER = {1},
     PAGES = {23--44},
      ISSN = {0022-4812},
     CODEN = {JSYLA6},
   MRCLASS = {03F35 (03F55)},
  MRNUMBER = {495115 (81b:03061)},
MRREVIEWER = {Horst Luckhardt},
       DOI = {10.2307/2271946},
       URL = {http://dx.doi.org/10.2307/2271946},
}

@article {MR1139395,
    AUTHOR = {van Oosten, Jaap},
     TITLE = {A semantical proof of de {J}ongh's theorem},
   JOURNAL = {Arch. Math. Logic},
  FJOURNAL = {Archive for Mathematical Logic},
    VOLUME = {31},
      YEAR = {1991},
    NUMBER = {2},
     PAGES = {105--114},
      ISSN = {0933-5846},
     CODEN = {AMLOEH},
   MRCLASS = {03F50},
  MRNUMBER = {1139395 (93b:03107)},
MRREVIEWER = {Wim Veldman},
       DOI = {10.1007/BF01387763},
       URL = {http://dx.doi.org/10.1007/BF01387763},
}

@incollection {MR0363826,
    AUTHOR = {Troelstra, A. S.},
     TITLE = {Notes on intuitionistic second order arithmetic},
 BOOKTITLE = {Cambridge {S}ummer {S}chool in {M}athematical {L}ogic
              ({C}ambridge, 1971)},
     PAGES = {171--205. Lecture Notes in Math., Vol. 337},
 PUBLISHER = {Springer},
   ADDRESS = {Berlin},
      YEAR = {1973},
   MRCLASS = {02E05 (02D99)},
  MRNUMBER = {0363826 (51 \#81)},
MRREVIEWER = {D. Nelson},
}

@book {MR0325352,
     TITLE = {Metamathematical investigation of intuitionistic arithmetic
              and analysis},
    SERIES = {Lecture Notes in Mathematics, Vol. 344},
    EDITOR = {Troelstra, A. S.},
 PUBLISHER = {Springer-Verlag},
   ADDRESS = {Berlin},
      YEAR = {1973},
     PAGES = {xvii+485},
   MRCLASS = {02CXX (02DXX 02HXX)},
  MRNUMBER = {0325352 (48 \#3699)},
}

@incollection {MR0106838,
    AUTHOR = {Kreisel, Georg},
     TITLE = {Interpretation of analysis by means of constructive
              functionals of finite types},
 BOOKTITLE = {Constructivity in mathematics: {P}roceedings of the colloquium
              held at {A}msterdam, 1957 (edited by {A}. {H}eyting)},
    SERIES = {Studies in Logic and the Foundations of Mathematics},
     PAGES = {101--128},
 PUBLISHER = {North-Holland Publishing Co.},
   ADDRESS = {Amsterdam},
      YEAR = {1959},
   MRCLASS = {02.00},
  MRNUMBER = {0106838 (21 \#5568)},
MRREVIEWER = {A. Heyting},
}

@article {MR1443487,
    AUTHOR = {van Oosten, Jaap},
     TITLE = {Extensional realizability},
   JOURNAL = {Ann. Pure Appl. Logic},
  FJOURNAL = {Annals of Pure and Applied Logic},
    VOLUME = {84},
      YEAR = {1997},
    NUMBER = {3},
     PAGES = {317--349},
      ISSN = {0168-0072},
     CODEN = {APALD7},
   MRCLASS = {03F50 (03F55 03G30)},
  MRNUMBER = {1443487 (98j:03087)},
       DOI = {10.1016/S0168-0072(96)00050-4},
       URL = {http://dx.doi.org/10.1016/S0168-0072(96)00050-4},
}

@article {MR0393181,
    AUTHOR = {Benabou, Jean},
     TITLE = {Fibrations petites et localement petites},
   JOURNAL = {C. R. Acad. Sci. Paris S\'er. A-B},
    VOLUME = {281},
      YEAR = {1975},
    NUMBER = {21},
     PAGES = {Ai, A897--A900},
   MRCLASS = {18A15 (02G10)},
  MRNUMBER = {0393181 (52 \#13991)},
MRREVIEWER = {L. Stout},
}

@article {MR0393180,
    AUTHOR = {Benabou, Jean},
     TITLE = {Th\'eories relatives \`a un corpus},
   JOURNAL = {C. R. Acad. Sci. Paris S\'er. A-B},
    VOLUME = {281},
      YEAR = {1975},
    NUMBER = {20},
     PAGES = {Ai, A831--A834},
   MRCLASS = {18D05 (02G10)},
  MRNUMBER = {0393180 (52 \#13990)},
MRREVIEWER = {L. Stout},
}

@book {MR0146040,
    AUTHOR = {Grothendieck, Alexander},
     TITLE = {Fondements de la g\'eom\'etrie alg\'ebrique. [{E}xtraits du
              {S}\'eminaire {B}ourbaki, 1957--1962.]},
 PUBLISHER = {Secr\'etariat math\'ematique},
   ADDRESS = {Paris},
      YEAR = {1962},
     PAGES = {ii+205},
   MRCLASS = {14.00},
  MRNUMBER = {0146040 (26 \#3566)},
MRREVIEWER = {E. L. Griffin, Jr.},
}

@article {MR2223032,
    AUTHOR = {Lawvere, F. William},
     TITLE = {Adjointness in foundations},
      NOTE = {Reprinted from Dialectica {{\bf{2}}3} (1969)},
   JOURNAL = {Repr. Theory Appl. Categ.},
  FJOURNAL = {Reprints in Theory and Applications of Categories},
    NUMBER = {16},
      YEAR = {2006},
     PAGES = {1--16},
   MRCLASS = {18B25 (00A30 18A15 18A40 18B30 55U40)},
  MRNUMBER = {2223032 (2007h:18004)},
MRREVIEWER = {Steve Awodey},
}

@book{ECnCS,
 author = {Barr, Michael and Grillet, Pierre A. and van Osdol, Donovan H.},
 title = {Exact categories and categories of sheaves},
 series = {Lecture notes in Mathematics},
 volume = {236},
 publisher = {Springer Verlag},
 year = {1971},
}

@article {MR0319757,
    AUTHOR = {Mitchell, William},
     TITLE = {Boolean topoi and the theory of sets},
   JOURNAL = {J. Pure Appl. Algebra},
  FJOURNAL = {Journal of Pure and Applied Algebra},
    VOLUME = {2},
      YEAR = {1972},
     PAGES = {261--274},
      ISSN = {0022-4049},
   MRCLASS = {02K15 (18A15)},
  MRNUMBER = {0319757 (47 \#8299)},
MRREVIEWER = {Andreas Blass},
}

@incollection {MR0354800,
    AUTHOR = {Tierney, Myles},
     TITLE = {Axiomatic sheaf theory: some constructions and applications},
 BOOKTITLE = {Categories and commutative algebra ({C}.{I}.{M}.{E}., {III}
              {C}iclo, {V}arenna, 1971)},
     PAGES = {249--326},
 PUBLISHER = {Edizioni Cremonese},
   ADDRESS = {Rome},
      YEAR = {1973},
   MRCLASS = {18A15 (02K15)},
  MRNUMBER = {0354800 (50 \#7277)},
MRREVIEWER = {M. L. Laplaza},
}

@incollection {MR0373888,
    AUTHOR = {Tierney, Myles},
     TITLE = {Sheaf theory and the continuum hypothesis},
 BOOKTITLE = {Toposes, algebraic geometry and logic ({C}onf., {D}alhousie
              {U}niv., {H}alifax, {N}.{S}., 1971)},
     PAGES = {13--42. Lecture Notes in Math., Vol. 274},
 PUBLISHER = {Springer},
   ADDRESS = {Berlin},
      YEAR = {1972},
   MRCLASS = {02K05 (18B05)},
  MRNUMBER = {0373888 (51 \#10088)},
MRREVIEWER = {Andreas Blass},
}

@incollection {MR0430021,
    AUTHOR = {Lawvere, F. William},
     TITLE = {Quantifiers and sheaves},
 BOOKTITLE = {Actes du {C}ongr\`es {I}nternational des {M}ath\'ematiciens
              ({N}ice, 1970), {T}ome 1},
     PAGES = {329--334},
 PUBLISHER = {Gauthier-Villars},
   ADDRESS = {Paris},
      YEAR = {1971},
   MRCLASS = {18F20},
  MRNUMBER = {0430021 (55 \#3029)},
MRREVIEWER = {Lawrence Neff Stout},
}

@book {MR0505486,
    AUTHOR = {Makkai, Michael and Reyes, Gonzalo E.},
     TITLE = {First order categorical logic},
    SERIES = {Lecture Notes in Mathematics, Vol. 611},
      NOTE = {Model-theoretical methods in the theory of topoi and related
              categories},
 PUBLISHER = {Springer-Verlag},
   ADDRESS = {Berlin},
      YEAR = {1977},
     PAGES = {viii+301},
      ISBN = {3-540-08439-8},
   MRCLASS = {02J99 (02B25 18C10)},
  MRNUMBER = {0505486 (58 \#21600)},
MRREVIEWER = {C. J. Mikkelsen},
}

@article {MR0025464,
    AUTHOR = {Mac Lane, Saunders},
     TITLE = {Groups, categories and duality},
   JOURNAL = {Proc. Nat. Acad. Sci. U. S. A.},
  FJOURNAL = {Proceedings of the National Academy of Sciences of the United
              States of America},
    VOLUME = {34},
      YEAR = {1948},
     PAGES = {263--267},
      ISSN = {0027-8424},
   MRCLASS = {20.0X},
  MRNUMBER = {0025464 (10,9c)},
MRREVIEWER = {P. Hall},
}

@article {MR0158921,
    AUTHOR = {Lawvere, F. William},
     TITLE = {Functorial semantics of algebraic theories},
   JOURNAL = {Proc. Nat. Acad. Sci. U.S.A.},
  FJOURNAL = {Proceedings of the National Academy of Sciences of the United
              States of America},
    VOLUME = {50},
      YEAR = {1963},
     PAGES = {869--872},
      ISSN = {0027-8424},
   MRCLASS = {18.10},
  MRNUMBER = {0158921 (28 \#2143)},
MRREVIEWER = {M. Artin},
}

@article {MR0172807,
    AUTHOR = {Lawvere, F. William},
     TITLE = {An elementary theory of the category of sets},
   JOURNAL = {Proc. Nat. Acad. Sci. U.S.A.},
  FJOURNAL = {Proceedings of the National Academy of Sciences of the United
              States of America},
    VOLUME = {52},
      YEAR = {1964},
     PAGES = {1506--1511},
      ISSN = {0027-8424},
   MRCLASS = {04.99 (18.10)},
  MRNUMBER = {0172807 (30 \#3025)},
MRREVIEWER = {A. Heller},
}

@book {MR0213410,
    AUTHOR = {Ehresmann, Charles},
     TITLE = {Cat\'egories et structures},
 PUBLISHER = {Dunod},
   ADDRESS = {Paris},
      YEAR = {1965},
     PAGES = {xvii+358},
   MRCLASS = {18.00 (08.00)},
  MRNUMBER = {0213410 (35 \#4274)},
MRREVIEWER = {J. A. Zilber},
}

@article {MR558106,
    AUTHOR = {Bunge, Marta},
     TITLE = {Stack completions and {M}orita equivalence for categories in a
              topos},
   JOURNAL = {Cahiers Topologie G\'eom. Diff\'erentielle},
  FJOURNAL = {Cahiers de Topologie et G\'eom\'etrie Diff\'erentielle},
    VOLUME = {20},
      YEAR = {1979},
    NUMBER = {4},
     PAGES = {401--436},
      ISSN = {0008-0004},
     CODEN = {CTGDBR},
   MRCLASS = {18B25 (14F05)},
  MRNUMBER = {558106 (81f:18018)},
MRREVIEWER = {A. Preller},
}

@article {MR558105,
    AUTHOR = {Bunge, Marta and Par{\'e}, Robert},
     TITLE = {Stacks and equivalence of indexed categories},
   JOURNAL = {Cahiers Topologie G\'eom. Diff\'erentielle},
  FJOURNAL = {Cahiers de Topologie et G\'eom\'etrie Diff\'erentielle},
    VOLUME = {20},
      YEAR = {1979},
    NUMBER = {4},
     PAGES = {373--399},
      ISSN = {0008-0004},
     CODEN = {CTGDBR},
   MRCLASS = {18B25},
  MRNUMBER = {558105 (81f:18017)},
MRREVIEWER = {A. Preller},
}

@incollection {MR1859470,
    AUTHOR = {Pitts andrew M.},
     TITLE = {Categorical logic},
 BOOKTITLE = {Handbook of logic in computer science, {V}ol. 5},
    SERIES = {Handb. Log. Comput. Sci.},
    VOLUME = {5},
     PAGES = {39--128},
 PUBLISHER = {Oxford Univ. Press},
   ADDRESS = {New York},
      YEAR = {2000},
   MRCLASS = {03G30 (18C10 68Q55 68Q65)},
  MRNUMBER = {1859470 (2002j:03078)},
MRREVIEWER = {Anna Labella},
}

@article{EQC,
     author    = {Maietti, Maria Emilia and Rosolini, Giuseppe},
     title     = {Elementary quotient completion},
     journal   = "preprint",
     volume    = "",
     year      = "",
     pages     = "",
     archiveprefix = "arXiv",
     eprint = "1206.0162v1",
     primaryclass = "math.ct"
}
@article{QCftFoCM,
     author    = {Maietti, Maria Emilia and Rosolini, Giuseppe},
     title     = {Quotient completion for the foundation of constructive mathematics},
     journal   = "preprint",
     volume    = "",
     year      = "",
     pages     = "",
     archiveprefix = "arXiv",
     eprint = "1202.1012v1",
     primaryclass = "math.ct"
}



@article{ECnSS,
     author    = {Shulman, Michael},
     title     = {Exact completions and small sheaves},
     journal   = "preprint",
     volume    = "",
     year      = "",
     pages     = "",
     archiveprefix = "arXiv",
     eprint = "1203.4318v1",
     primaryclass = "math.ct"
}

@article{a2CAotTtTC,
     author    = {Frey, Jonas},
     title     = {A 2-Categorical Analysis of the Tripos-to-Topos Construction},
     journal   = "preprint",
     volume    = "",
     year      = "2011",
     pages     = "",
     archiveprefix = "arXiv",
     eprint = "1104.2776v1",
     primaryclass = "math.ct"
}

@book {MR2616383,
    AUTHOR = {Beck, Jonathan Mock},
     TITLE = {T{RIPLES}, {ALGEBRAS} {AND} {COHOMOLOGY}},
      NOTE = {Thesis (Ph.D.)--Columbia University},
 PUBLISHER = {ProQuest LLC, Ann Arbor, MI},
      YEAR = {1967},
     PAGES = {115},
   MRCLASS = {Thesis},
  MRNUMBER = {2616383},
       URL =
              {http://gateway.proquest.com/openurl?url_ver=Z39.88-2004&rft_val_fmt=info:ofi/fmt:kev:mtx:dissertation&res_dat=xri:pqdiss&rft_dat=xri:pqdiss:6714023},
}

@book {MR0354798,
    AUTHOR = {MacLane, Saunders},
     TITLE = {Categories for the working mathematician},
      NOTE = {Graduate Texts in Mathematics, Vol. 5},
 PUBLISHER = {Springer-Verlag},
   ADDRESS = {New York},
      YEAR = {1971},
     PAGES = {ix+262},
   MRCLASS = {18-02},
  MRNUMBER = {0354798 (50 \#7275)},
MRREVIEWER = {H.-B. Brinkmann},
}

@article {MR1799865,
    AUTHOR = {Taylor, Paul},
     TITLE = {Geometric and higher order logic in terms of abstract {S}tone
              duality},
   JOURNAL = {Theory Appl. Categ.},
  FJOURNAL = {Theory and Applications of Categories},
    VOLUME = {7},
      YEAR = {2000},
     PAGES = {No.\ 15, 284--338},
      ISSN = {1201-561X},
   MRCLASS = {03G30 (06E15 18A15 54B30)},
  MRNUMBER = {1799865 (2002b:03137)},
MRREVIEWER = {Carsten Butz},
}

@article{KCRfaCP,
     author    = {Streicher, Thomas},
     title     = {Krivine's classical realizability from a categorical perspective},
     journal   = "Mathematical Structures in Computer Science (preprint)",
     volume    = "",
     year      = "",
     pages     = "",
}

@article{CS,
     author    = {Longley, John R.},
     title     = {Computability structures},
     journal   = "Mathematical Structures in Computer Science (preprint)",
     volume    = "",
     year      = "",
     pages     = "",
}

@article {MR1382246,
    AUTHOR = {Makkai, M.},
     TITLE = {Avoiding the axiom of choice in general category theory},
   JOURNAL = {J. Pure Appl. Algebra},
  FJOURNAL = {Journal of Pure and Applied Algebra},
    VOLUME = {108},
      YEAR = {1996},
    NUMBER = {2},
     PAGES = {109--173},
      ISSN = {0022-4049},
     CODEN = {JPAAA2},
   MRCLASS = {18A15 (04A25)},
  MRNUMBER = {1382246 (97h:18002)},
MRREVIEWER = {Andreas Blass},
       DOI = {10.1016/0022-4049(95)00029-1},
       URL = {http://dx.doi.org/10.1016/0022-4049(95)00029-1},
}

@book {MR1674451,
    AUTHOR = {Jacobs, Bart},
     TITLE = {Categorical logic and type theory},
    SERIES = {Studies in Logic and the Foundations of Mathematics},
    VOLUME = {141},
 PUBLISHER = {North-Holland Publishing Co.},
   ADDRESS = {Amsterdam},
      YEAR = {1999},
     PAGES = {xviii+760},
      ISBN = {0-444-50170-3},
   MRCLASS = {03G30 (03-02 03B15 03B40)},
  MRNUMBER = {1674451 (2001b:03077)},
MRREVIEWER = {Andreas Blass},
}

@article {MR1303664,
    AUTHOR = {van Oosten, Jaap},
     TITLE = {Axiomatizing higher-order {K}leene realizability},
   JOURNAL = {Ann. Pure Appl. Logic},
  FJOURNAL = {Annals of Pure and Applied Logic},
    VOLUME = {70},
      YEAR = {1994},
    NUMBER = {1},
     PAGES = {87--111},
      ISSN = {0168-0072},
     CODEN = {APALD7},
   MRCLASS = {03F35 (03G30)},
  MRNUMBER = {1303664 (95m:03107)},
MRREVIEWER = {G. E. Mints},
       DOI = {10.1016/0168-0072(94)90070-1},
       URL = {http://dx.doi.org/10.1016/0168-0072(94)90070-1},
}

@inproceedings {MR0335240,
    AUTHOR = {Troelstra, A. S.},
     TITLE = {Notions of realizability for intuitionistic arithmetic and
              intuitionistic arithmetic in all finite types},
 BOOKTITLE = {Proceedings of the {S}econd {S}candinavian {L}ogic {S}ymposium
              ({O}slo, 1970)},
     PAGES = {369--405. Studies in Logic and the Foundations of Math., Vol.
              63},
 PUBLISHER = {North-Holland},
   ADDRESS = {Amsterdam},
      YEAR = {1971},
   MRCLASS = {02C15},
  MRNUMBER = {0335240 (49 \#23)},
MRREVIEWER = {D. Nelson},
}

@article {MR0258596,
    AUTHOR = {Dragalin, A. G.},
     TITLE = {Transfinite complements of the constructive arithmetical
              calculus},
   JOURNAL = {Dokl. Akad. Nauk SSSR},
  FJOURNAL = {Doklady Akademii Nauk SSSR},
    VOLUME = {189},
      YEAR = {1969},
     PAGES = {458--460},
      ISSN = {0002-3264},
   MRCLASS = {02.23},
  MRNUMBER = {0258596 (41 \#3242)},
MRREVIEWER = {A. Heyting},
}

@incollection {MR717245,
    AUTHOR = {Hyland, J. M. E.},
     TITLE = {The effective topos},
 BOOKTITLE = {The {L}.{E}.{J}. {B}rouwer {C}entenary {S}ymposium
              ({N}oordwijkerhout, 1981)},
    SERIES = {Stud. Logic Foundations Math.},
    VOLUME = {110},
     PAGES = {165--216},
 PUBLISHER = {North-Holland},
   ADDRESS = {Amsterdam},
      YEAR = {1982},
   MRCLASS = {03G30},
  MRNUMBER = {717245 (84m:03101)},
MRREVIEWER = {J. L. Bell},
}

@article {MR0013131,
    AUTHOR = {Eilenberg, Samuel and Mac Lane, Saunders},
     TITLE = {General theory of natural equivalences},
   JOURNAL = {Trans. Amer. Math. Soc.},
  FJOURNAL = {Transactions of the American Mathematical Society},
    VOLUME = {58},
      YEAR = {1945},
     PAGES = {231--294},
      ISSN = {0002-9947},
   MRCLASS = {09.1X},
  MRNUMBER = {0013131 (7,109d)},
MRREVIEWER = {P. A. Smith},
}

@incollection {MR2550048,
    AUTHOR = {Miquel, Alexandre},
     TITLE = {Relating classical realizability and negative translation for
              existential witness extraction},
 BOOKTITLE = {Typed lambda calculi and applications},
    SERIES = {Lecture Notes in Comput. Sci.},
    VOLUME = {5608},
     PAGES = {188--202},
 PUBLISHER = {Springer},
   ADDRESS = {Berlin},
      YEAR = {2009},
   MRCLASS = {03B40 (03F35 03F55)},
  MRNUMBER = {2550048},
       DOI = {10.1007/978-3-642-02273-9_15},
       URL = {http://dx.doi.org/10.1007/978-3-642-02273-9_15},
}

@article {MR2825677,
    AUTHOR = {Krivine, Jean-Louis},
     TITLE = {Realizability algebras: a program to well order {$\mathbb R$}},
   JOURNAL = {Log. Methods Comput. Sci.},
  FJOURNAL = {Logical Methods in Computer Science},
    VOLUME = {7},
      YEAR = {2011},
    NUMBER = {3},
     PAGES = {3:02, 47},
      ISSN = {1860-5974},
   MRCLASS = {03B40 (03B50 03E25)},
  MRNUMBER = {2825677 (2012g:03042)},
}

@incollection {MR1099200,
    AUTHOR = {Freyd, Peter J.},
     TITLE = {Recursive types reduced to inductive types},
 BOOKTITLE = {Fifth {A}nnual {IEEE} {S}ymposium on {L}ogic in {C}omputer
              {S}cience ({P}hiladelphia, {PA}, 1990)},
     PAGES = {498--507},
 PUBLISHER = {IEEE Comput. Soc. Press},
   ADDRESS = {Los Alamitos, CA},
      YEAR = {1990},
   MRCLASS = {68Q55},
  MRNUMBER = {1099200},
       DOI = {10.1109/LICS.1990.113772},
       URL = {http://dx.doi.org/10.1109/LICS.1990.113772},
}

@article {MR1023803,
    AUTHOR = {Hyland, J. M. E. and Robinson, E. P. and Rosolini, Guiseppe},
     TITLE = {The discrete objects in the effective topos},
   JOURNAL = {Proc. London Math. Soc. (3)},
  FJOURNAL = {Proceedings of the London Mathematical Society. Third Series},
    VOLUME = {60},
      YEAR = {1990},
    NUMBER = {1},
     PAGES = {1--36},
      ISSN = {0024-6115},
     CODEN = {PLMTAL},
   MRCLASS = {18B25 (03G30 18B30 18D30)},
  MRNUMBER = {1023803 (90k:18004)},
MRREVIEWER = {Ieke Moerdijk},
       DOI = {10.1112/plms/s3-60.1.1},
       URL = {http://dx.doi.org/10.1112/plms/s3-60.1.1},
}

@article {MR1948021,
    AUTHOR = {Awodey, Steven and Birkedal, Lars},
     TITLE = {Elementary axioms for local maps of toposes},
   JOURNAL = {J. Pure Appl. Algebra},
  FJOURNAL = {Journal of Pure and Applied Algebra},
    VOLUME = {177},
      YEAR = {2003},
    NUMBER = {3},
     PAGES = {215--230},
      ISSN = {0022-4049},
     CODEN = {JPAAA2},
   MRCLASS = {18B25 (03B40 03B45 03G30)},
  MRNUMBER = {1948021 (2003k:18004)},
MRREVIEWER = {Guerino Bruno Mazzola},
       DOI = {10.1016/S0022-4049(02)00283-9},
       URL = {http://dx.doi.org/10.1016/S0022-4049(02)00283-9},
}

@article {MR1909030,
    AUTHOR = {Awodey, Steven and Birkedal, Lars and Scott, Dana S.},
     TITLE = {Local realizability toposes and a modal logic for
              computability},
      NOTE = {Realizability (Trento, 1999)},
   JOURNAL = {Math. Structures Comput. Sci.},
  FJOURNAL = {Mathematical Structures in Computer Science. A Journal in the
              Applications of Categorical, Algebraic and Geometric Methods
              in Computer Science},
    VOLUME = {12},
      YEAR = {2002},
    NUMBER = {3},
     PAGES = {319--334},
      ISSN = {0960-1295},
   MRCLASS = {03G30 (03B45 03D75 68Q55 68Q60)},
  MRNUMBER = {1909030 (2004a:03078)},
       DOI = {10.1017/S0960129502003675},
       URL = {http://dx.doi.org/10.1017/S0960129502003675},
}

@book {MR0051790,
    AUTHOR = {Kleene, Stephen Cole},
     TITLE = {Introduction to metamathematics},
 PUBLISHER = {D. Van Nostrand Co., Inc., New York, N. Y.},
      YEAR = {1952},
     PAGES = {x+550},
   MRCLASS = {02.0X},
  MRNUMBER = {0051790 (14,525m)},
MRREVIEWER = {P. Lorenzen},
}

@article {MR0007371,
    AUTHOR = {Kleene, Stephen Cole},
     TITLE = {Recursive predicates and quantifiers},
   JOURNAL = {Trans. Amer. Math. Soc.},
  FJOURNAL = {Transactions of the American Mathematical Society},
    VOLUME = {53},
      YEAR = {1943},
     PAGES = {41--73},
      ISSN = {0002-9947},
   MRCLASS = {02.0X},
  MRNUMBER = {0007371 (4,126b)},
MRREVIEWER = {O. Frink},
}

@book {MR0210125,
    AUTHOR = {Gabriel, P. and Zisman, M.},
     TITLE = {Calculus of fractions and homotopy theory},
    SERIES = {Ergebnisse der Mathematik und ihrer Grenzgebiete, Band 35},
 PUBLISHER = {Springer-Verlag New York, Inc., New York},
      YEAR = {1967},
     PAGES = {x+168},
   MRCLASS = {55.40 (18.00)},
  MRNUMBER = {0210125 (35 \#1019)},
MRREVIEWER = {A. K. Bousfield},
}

@book {MR1953060,
    AUTHOR = {Johnstone, Peter T.},
     TITLE = {Sketches of an elephant: a topos theory compendium. {V}ol. 1},
    SERIES = {Oxford Logic Guides},
    VOLUME = {43},
 PUBLISHER = {The Clarendon Press Oxford University Press},
   ADDRESS = {New York},
      YEAR = {2002},
     PAGES = {xxii+468+71},
      ISBN = {0-19-853425-6},
   MRCLASS = {18B25 (18-02)},
  MRNUMBER = {1953060 (2003k:18005)},
MRREVIEWER = {Colin McLarty},
}

@book {MR0470019,
    AUTHOR = {Johnstone, Peter T.},
     TITLE = {Topos theory},
      NOTE = {London Mathematical Society Monographs, Vol. 10},
 PUBLISHER = {Academic Press [Harcourt Brace Jovanovich Publishers]},
   ADDRESS = {London},
      YEAR = {1977},
     PAGES = {xxiii+367},
      ISBN = {0-12-387850-0},
   MRCLASS = {18B99 (02K10 18A15 18C99)},
  MRNUMBER = {0470019 (57 \#9791)},
MRREVIEWER = {Marta C. Bunge},
}

@article{vandenBerg20111916,
title = "Aspects of predicative algebraic set theory, II: Realizability",
journal = "Theoretical Computer Science",
volume = "412",
number = "20",
pages = "1916 - 1940",
year = "2011",
note = "Girard's Festschrift",
issn = "0304-3975",
doi = "DOI: 10.1016/j.tcs.2010.12.019",
url = "http://www.sciencedirect.com/science/article/B6V1G-51PRYFK-7/2/d7d3e34cd6e062dcd24250ae1b4ec6fb",
author = "Benno van den Berg and Ieke Moerdijk",
keywords = "Constructive set theory",
keywords = "Realizability",
keywords = "Categorical logic"
}

@article {MR1933398,
    AUTHOR = {Birkedal, Lars and van Oosten, Jaap},
     TITLE = {Relative and modified relative realizability},
   JOURNAL = {Ann. Pure Appl. Logic},
  FJOURNAL = {Annals of Pure and Applied Logic},
    VOLUME = {118},
      YEAR = {2002},
    NUMBER = {1-2},
     PAGES = {115--132},
      ISSN = {0168-0072},
     CODEN = {APALD7},
   MRCLASS = {03G30 (03D75 18B25)},
  MRNUMBER = {1933398 (2003h:03104)},
MRREVIEWER = {Peter Johnstone},
       DOI = {10.1016/S0168-0072(01)00122-1},
       URL = {http://dx.doi.org/10.1016/S0168-0072(01)00122-1},
}

@book {MR2701797,
    AUTHOR = {Bauer andrej},
     TITLE = {The realizability approach to computable analysis and
              topology},
      NOTE = {Thesis (Ph.D.)--Carnegie Mellon University},
 PUBLISHER = {ProQuest LLC, Ann Arbor, MI},
      YEAR = {2000},
     PAGES = {248},
      ISBN = {978-0493-11579-5},
   MRCLASS = {Thesis},
  MRNUMBER = {2701797},
       URL =           {http://gateway.proquest.com/openurl?url_ver=Z39.88-2004&rft_val_fmt=info:ofi/fmt:kev:mtx:dissertation&res_dat=xri:pqdiss&rft_dat=xri:pqdiss:3002721},
}

@book {MR1769604,
    AUTHOR = {Birkedal, Lars},
     TITLE = {Developing theories of types and computability via
              realizability},
    SERIES = {Electronic Notes in Theoretical Computer Science},
    VOLUME = {34},
 PUBLISHER = {Elsevier Science B.V.},
   ADDRESS = {Amsterdam},
      YEAR = {2000},
     PAGES = {x+280 pp. (electronic)},
   MRCLASS = {03-02 (03B15 03B40 03B45 03G30 68-02 68N18 68Q55)},
  MRNUMBER = {1769604 (2001k:03001)},
MRREVIEWER = {Martin Hofmann},
}

@book {MR0176922,
    AUTHOR = {Kleene, Stephen Cole and Vesley, Richard Eugene},
     TITLE = {The foundations of intuitionistic mathematics, especially in
              relation to recursive functions},
 PUBLISHER = {North--Holland Publishing Co.},
   ADDRESS = {Amsterdam},
      YEAR = {1965},
     PAGES = {viii+206},
   MRCLASS = {02.23},
  MRNUMBER = {0176922 (31 \#1190)},
MRREVIEWER = {G. Kreisel},
}

@article {MR1900904,
    AUTHOR = {Menni, Mat{\'{\i}}as},
     TITLE = {More exact completions that are toposes},
   JOURNAL = {Ann. Pure Appl. Logic},
  FJOURNAL = {Annals of Pure and Applied Logic},
    VOLUME = {116},
      YEAR = {2002},
    NUMBER = {1-3},
     PAGES = {187--203},
      ISSN = {0168-0072},
     CODEN = {APALD7},
   MRCLASS = {18B25 (03D99 03G30 18A35)},
  MRNUMBER = {1900904 (2003d:18004)},
MRREVIEWER = {Peter Johnstone},
       DOI = {10.1016/S0168-0072(01)00111-7},
       URL = {http://dx.doi.org/10.1016/S0168-0072(01)00111-7},
}

@article {MR1600009,
    AUTHOR = {Carboni, Aurelio and Vitale, E. M.},
     TITLE = {Regular and exact completions},
   JOURNAL = {J. Pure Appl. Algebra},
  FJOURNAL = {Journal of Pure and Applied Algebra},
    VOLUME = {125},
      YEAR = {1998},
    NUMBER = {1-3},
     PAGES = {79--116},
      ISSN = {0022-4049},
     CODEN = {JPAAA2},
   MRCLASS = {18A35 (18A32 18B25 18C20)},
  MRNUMBER = {1600009 (99b:18003)},
MRREVIEWER = {Walter Tholen},
       DOI = {10.1016/S0022-4049(96)00115-6},
       URL = {http://dx.doi.org/10.1016/S0022-4049(96)00115-6},
}

@article {MR1358759,
    AUTHOR = {Carboni, Aurelio},
     TITLE = {Some free constructions in realizability and proof theory},
   JOURNAL = {J. Pure Appl. Algebra},
  FJOURNAL = {Journal of Pure and Applied Algebra},
    VOLUME = {103},
      YEAR = {1995},
    NUMBER = {2},
     PAGES = {117--148},
      ISSN = {0022-4049},
     CODEN = {JPAAA2},
   MRCLASS = {03G30 (03F99 18B25)},
  MRNUMBER = {1358759 (96j:03088)},
MRREVIEWER = {Colin McLarty},
       DOI = {10.1016/0022-4049(94)00103-P},
       URL = {http://dx.doi.org/10.1016/0022-4049(94)00103-P},
}

@article {MR1056382,
    AUTHOR = {Robinson, Edmund and Rosolini, Giuseppe},
     TITLE = {Colimit completions and the effective topos},
   JOURNAL = {J. Symbolic Logic},
  FJOURNAL = {The Journal of Symbolic Logic},
    VOLUME = {55},
      YEAR = {1990},
    NUMBER = {2},
     PAGES = {678--699},
      ISSN = {0022-4812},
     CODEN = {JSYLA6},
   MRCLASS = {03G30 (03D65 18B25 18D30)},
  MRNUMBER = {1056382 (91f:03130)},
MRREVIEWER = {Colin McLarty},
       DOI = {10.2307/2274658},
       URL = {http://dx.doi.org/10.2307/2274658},
}

@article {MR1787592,
    AUTHOR = {Carboni, Aurelio and Rosolini, Giuseppe},
     TITLE = {Locally {C}artesian closed exact completions},
      NOTE = {Category theory and its applications (Montreal, QC, 1997)},
   JOURNAL = {J. Pure Appl. Algebra},
  FJOURNAL = {Journal of Pure and Applied Algebra},
    VOLUME = {154},
      YEAR = {2000},
    NUMBER = {1-3},
     PAGES = {103--116},
      ISSN = {0022-4049},
     CODEN = {JPAAA2},
   MRCLASS = {18B30 (03B15 03B40 18A35 18D15)},
  MRNUMBER = {1787592 (2001f:18009)},
       DOI = {10.1016/S0022-4049(99)00192-9},
       URL = {http://dx.doi.org/10.1016/S0022-4049(99)00192-9},
}
	

@article {MR678508,
    AUTHOR = {Carboni, Aurelio and Magno, R. Celia},
     TITLE = {The free exact category on a left exact one},
   JOURNAL = {J. Austral. Math. Soc. Ser. A},
  FJOURNAL = {Australian Mathematical Society. Journal. Series A},
    VOLUME = {33},
      YEAR = {1982},
    NUMBER = {3},
     PAGES = {295--301},
      ISSN = {0263-6115},
     CODEN = {JAMADS},
   MRCLASS = {18B99 (18A30)},
  MRNUMBER = {678508 (84g:18017)},
MRREVIEWER = {R. H. Street},
}

@incollection {MR948482,
    AUTHOR = {Carboni, Aurelio and Freyd, Peter J. and Scedrov andre},
     TITLE = {A categorical approach to realizability and polymorphic types},
 BOOKTITLE = {Mathematical foundations of programming language semantics
              ({N}ew {O}rleans, {LA}, 1987)},
    SERIES = {Lecture Notes in Comput. Sci.},
    VOLUME = {298},
     PAGES = {23--42},
 PUBLISHER = {Springer},
   ADDRESS = {Berlin},
      YEAR = {1988},
   MRCLASS = {68Q55 (03B15 03B40 18A99 68N05)},
  MRNUMBER = {948482 (89g:68043)},
MRREVIEWER = {Luis M. Laita},
}

@PHDTHESIS{Pittsthesis,
  AUTHOR =	 {Pitts andrew M.},
  TITLE =	 {The Theory of Triposes},
  SCHOOL =	 {University of Cambridge},
  YEAR =	 1981
}

@article {MR578267,
    AUTHOR = {Hyland, J. M. E. and Johnstone, Peter T. and Pitts andrew M.},
     TITLE = {Tripos theory},
   JOURNAL = {Math. Proc. Cambridge Philos. Soc.},
  FJOURNAL = {Mathematical Proceedings of the Cambridge Philosophical
              Society},
    VOLUME = {88},
      YEAR = {1980},
    NUMBER = {2},
     PAGES = {205--231},
      ISSN = {0305-0041},
     CODEN = {MPCPCO},
   MRCLASS = {03G30 (18B25)},
  MRNUMBER = {578267 (81i:03102)},
MRREVIEWER = {Anna Labella},
       DOI = {10.1017/S0305004100057534},
       URL = {http://dx.doi.org/10.1017/S0305004100057534},
}

@book {MR1712872,
    AUTHOR = {Mac Lane, Saunders},
     TITLE = {Categories for the working mathematician},
    SERIES = {Graduate Texts in Mathematics},
    VOLUME = {5},
   EDITION = {Second},
 PUBLISHER = {Springer-Verlag},
   ADDRESS = {New York},
      YEAR = {1998},
     PAGES = {xii+314},
      ISBN = {0-387-98403-8},
   MRCLASS = {18-02},
  MRNUMBER = {1712872 (2001j:18001)},
}

@book {MR1300636,
    AUTHOR = {Mac Lane, Saunders and Moerdijk, Ieke},
     TITLE = {Sheaves in geometry and logic},
    SERIES = {Universitext},
      NOTE = {A first introduction to topos theory,
              Corrected reprint of the 1992 edition},
 PUBLISHER = {Springer-Verlag},
   ADDRESS = {New York},
      YEAR = {1994},
     PAGES = {xii+629},
      ISBN = {0-387-97710-4},
   MRCLASS = {03G30 (18B25 54B40)},
  MRNUMBER = {1300636 (96c:03119)},
MRREVIEWER = {M. Makkai},
}


@article {MR2388231,
    AUTHOR = {Hofstra, Pieter J. W.},
     TITLE = {Iterated realizability as a comma construction},
   JOURNAL = {Math. Proc. Cambridge Philos. Soc.},
  FJOURNAL = {Mathematical Proceedings of the Cambridge Philosophical
              Society},
    VOLUME = {144},
      YEAR = {2008},
    NUMBER = {1},
     PAGES = {39--51},
      ISSN = {0305-0041},
     CODEN = {MPCPCO},
   MRCLASS = {18D05 (03G30 18A25)},
  MRNUMBER = {2388231 (2009b:18008)},
MRREVIEWER = {Enrico Vitale},
       DOI = {10.1017/S0305004107000400},
       URL = {http://dx.doi.org/10.1017/S0305004107000400},
}

@article {MR2265872,
    AUTHOR = {Hofstra, Pieter J. W.},
     TITLE = {All realizability is relative},
   JOURNAL = {Math. Proc. Cambridge Philos. Soc.},
  FJOURNAL = {Mathematical Proceedings of the Cambridge Philosophical
              Society},
    VOLUME = {141},
      YEAR = {2006},
    NUMBER = {2},
     PAGES = {239--264},
      ISSN = {0305-0041},
     CODEN = {MPCPCO},
   MRCLASS = {03G30 (03F55)},
  MRNUMBER = {2265872 (2007j:03099)},
MRREVIEWER = {Carsten Butz},
       DOI = {10.1017/S0305004106009352},
       URL = {http://dx.doi.org/10.1017/S0305004106009352},
}

@article {MR2067191,
    AUTHOR = {Hofstra, Pieter J. W.},
     TITLE = {Relative completions},
   JOURNAL = {J. Pure Appl. Algebra},
  FJOURNAL = {Journal of Pure and Applied Algebra},
    VOLUME = {192},
      YEAR = {2004},
    NUMBER = {1-3},
     PAGES = {129--148},
      ISSN = {0022-4049},
     CODEN = {JPAAA2},
   MRCLASS = {03F50 (03G30 18B25)},
  MRNUMBER = {2067191 (2006b:03078)},
       DOI = {10.1016/j.jpaa.2004.01.011},
       URL = {http://dx.doi.org/10.1016/j.jpaa.2004.01.011},
}

@article {MR2899720,
    AUTHOR = {Garner, Richard},
     TITLE = {Understanding the small object argument},
   JOURNAL = {Appl. Categ. Structures},
  FJOURNAL = {Applied Categorical Structures. A Journal Devoted to
              Applications of Categorical Methods in Algebra, Analysis,
              Order, Topology and Computer Science},
    VOLUME = {20},
      YEAR = {2012},
    NUMBER = {2},
     PAGES = {103--141},
      ISSN = {0927-2852},
     CODEN = {ACASE6},
   MRCLASS = {55U35 (18C10)},
  MRNUMBER = {2899720},
       DOI = {10.1007/s10485-008-9126-7},
       URL = {http://dx.doi.org/10.1007/s10485-008-9126-7},
}


@article {MR1981211,
    AUTHOR = {Hofstra, Pieter J. W. and van Oosten, Jaap},
     TITLE = {Ordered partial combinatory algebras},
   JOURNAL = {Math. Proc. Cambridge Philos. Soc.},
  FJOURNAL = {Mathematical Proceedings of the Cambridge Philosophical
              Society},
    VOLUME = {134},
      YEAR = {2003},
    NUMBER = {3},
     PAGES = {445--463},
      ISSN = {0305-0041},
     CODEN = {MPCPCO},
   MRCLASS = {03G30 (03B40 03F50 18B25)},
  MRNUMBER = {1981211 (2004e:03103)},
MRREVIEWER = {Carsten Butz},
       DOI = {10.1017/S0305004102006424},
       URL = {http://dx.doi.org/10.1017/S0305004102006424},
}

@book {MR2479466,
    AUTHOR = {van Oosten, Jaap},
     TITLE = {Realizability: an introduction to its categorical side},
    SERIES = {Studies in Logic and the Foundations of Mathematics},
    VOLUME = {152},
 PUBLISHER = {Elsevier B. V., Amsterdam},
      YEAR = {2008},
     PAGES = {xvi+310},
      ISBN = {978-0-444-51584-1},
   MRCLASS = {03F60 (03-02 03G30 26E40)},
  MRNUMBER = {2479466 (2010c:03044)},
MRREVIEWER = {Colin McLarty},
}

@article {MR2320014,
    AUTHOR = {Menni, Mat{\'{\i}}as},
     TITLE = {Cocomplete toposes whose exact completions are toposes},
   JOURNAL = {J. Pure Appl. Algebra},
  FJOURNAL = {Journal of Pure and Applied Algebra},
    VOLUME = {210},
      YEAR = {2007},
    NUMBER = {2},
     PAGES = {511--520},
      ISSN = {0022-4049},
     CODEN = {JPAAA2},
   MRCLASS = {18B25 (18A35)},
  MRNUMBER = {2320014 (2008b:18002)},
MRREVIEWER = {Dumitru Bu{\c{s}}neag},
       DOI = {10.1016/j.jpaa.2006.10.009},
       URL = {http://dx.doi.org/10.1016/j.jpaa.2006.10.009},
}

@article {MR1870615,
    AUTHOR = {Menni, Mat{\'{\i}}as},
     TITLE = {Closure operators in exact completions},
   JOURNAL = {Theory Appl. Categ.},
  FJOURNAL = {Theory and Applications of Categories},
    VOLUME = {8},
      YEAR = {2001},
     PAGES = {522--540},
      ISSN = {1201-561X},
   MRCLASS = {18A35 (18B25 18F10)},
  MRNUMBER = {1870615 (2002k:18002)},
MRREVIEWER = {Kimmo I. Rosenthal},
}

@article {MR1948025,
    AUTHOR = {Menni, Mat{\'{\i}}as},
     TITLE = {A characterization of the left exact categories whose exact
              completions are toposes},
   JOURNAL = {J. Pure Appl. Algebra},
  FJOURNAL = {Journal of Pure and Applied Algebra},
    VOLUME = {177},
      YEAR = {2003},
    NUMBER = {3},
     PAGES = {287--301},
      ISSN = {0022-4049},
     CODEN = {JPAAA2},
   MRCLASS = {18A35 (18B25)},
  MRNUMBER = {1948025 (2003j:18004)},
MRREVIEWER = {Ioan Tofan},
       DOI = {10.1016/S0022-4049(02)00261-X},
       URL = {http://dx.doi.org/10.1016/S0022-4049(02)00261-X},
}

@phdthesis{Menni00exactcompletions,
    author = {Mat{\'{\i}}as Menni},
    title = {Exact Completions and Toposes},
    school = {University of Edinburgh},
    year = {2000}
}

@phdthesis{RTnLS,
    author = {John R. Longley},
    title = {Realizability Toposes and Language Semantics},
    school = {University of Edinburgh},
    year = {1994}
}

@phdthesis{RealCats,
    author = {Wouter Pieter Stekelenburg},
    title = {Realizability Categories},
    school = {Utrecht University},
    year = {2013}
}

@phdthesis{afsort,
    author = {Jonas Frey},
    title = {A Fibrational Study of Realizability Toposes},
    school = {Universit\'e Paris Diderot, Paris 7},
    year = {2013}
}

@article {MR0015346,
    AUTHOR = {Kleene, Stephen Cole},
     TITLE = {On the interpretation of intuitionistic number theory},
   JOURNAL = {J. Symbolic Logic},
  FJOURNAL = {The Journal of Symbolic Logic},
    VOLUME = {10},
      YEAR = {1945},
     PAGES = {109--124},
      ISSN = {0022-4812},
   MRCLASS = {02.0X},
  MRNUMBER = {0015346 (7,406a)},
MRREVIEWER = {A. Heyting},
}

@incollection {MR2223406,
    AUTHOR = {Vistoli, Angelo},
     TITLE = {Grothendieck topologies, fibered categories and descent
              theory},
 BOOKTITLE = {Fundamental algebraic geometry},
    SERIES = {Math. Surveys Monogr.},
    VOLUME = {123},
     PAGES = {1--104},
 PUBLISHER = {Amer. Math. Soc.},
   ADDRESS = {Providence, RI},
      YEAR = {2005},
   MRCLASS = {14F20 (14A20)},
  MRNUMBER = {2223406},
}


@article {MR1512218,
    AUTHOR = {Sch{\"o}nfinkel, M.},
     TITLE = {\"{U}ber die {B}austeine der mathematischen {L}ogik},
   JOURNAL = {Math. Ann.},
  FJOURNAL = {Mathematische Annalen},
    VOLUME = {92},
      YEAR = {1924},
    NUMBER = {3-4},
     PAGES = {305--316},
      ISSN = {0025-5831},
     CODEN = {MAANA},
   MRCLASS = {Contributed Item},
  MRNUMBER = {1512218},
       DOI = {10.1007/BF01448013},
       URL = {http://dx.doi.org/10.1007/BF01448013},
}

@incollection {MR0409137,
    AUTHOR = {Feferman, Solomon},
     TITLE = {A language and axioms for explicit mathematics},
 BOOKTITLE = {Algebra and logic ({F}ourteenth {S}ummer {R}es. {I}nst.,
              {A}ustral. {M}ath. {S}oc., {M}onash {U}niv., {C}layton, 1974)},
     PAGES = {87--139. Lecture Notes in Math., Vol. 450},
 PUBLISHER = {Springer},
   ADDRESS = {Berlin},
      YEAR = {1975},
   MRCLASS = {02E05 (02D99)},
  MRNUMBER = {0409137 (53 \#12899)},
MRREVIEWER = {G. E. Minc},
}

@article {MR1167031,
    AUTHOR = {Freyd, Peter J. and Mulry, P. and Rosolini, Giuseppe and Scott, Dana S.},
     TITLE = {Extensional {PER}s},
      NOTE = {Selections from the 1990 IEEE Symposium on Logic in Computer
              Science},
   JOURNAL = {Inform. and Comput.},
  FJOURNAL = {Information and Computation},
    VOLUME = {98},
      YEAR = {1992},
    NUMBER = {2},
     PAGES = {211--227},
      ISSN = {0890-5401},
   MRCLASS = {68Q55 (06A06 18B25)},
  MRNUMBER = {1167031 (93f:68065)},
MRREVIEWER = {Ana Pasztor},
       DOI = {10.1016/0890-5401(92)90019-C},
       URL = {http://dx.doi.org/10.1016/0890-5401(92)90019-C},
}

@article {MR2729220,
    AUTHOR = {Stekelenburg, Wouter Pieter},
     TITLE = {A note on ``{E}xtensional {PER}s'' [MR1167031]},
   JOURNAL = {J. Pure Appl. Algebra},
  FJOURNAL = {Journal of Pure and Applied Algebra},
    VOLUME = {215},
      YEAR = {2011},
    NUMBER = {3},
     PAGES = {253--256},
      ISSN = {0022-4049},
     CODEN = {JPAAA2},
   MRCLASS = {18B25 (03G30 68Q55)},
  MRNUMBER = {2729220 (2011i:18007)},
       DOI = {10.1016/j.jpaa.2010.04.016},
       URL = {http://dx.doi.org/10.1016/j.jpaa.2010.04.016},
}

@MISC{Lietz00impredicativityentails,
    author = {Peter Lietz and Thomas Streicher},
    title = {Impredicativity entails Untypedness},
    year = {2000}
}

@book {MR622912,
    AUTHOR = {Barendregt, Hendrik Pieter},
     TITLE = {The lambda calculus},
    SERIES = {Studies in Logic and the Foundations of Mathematics},
    VOLUME = {103},
      NOTE = {Its syntax and semantics},
 PUBLISHER = {North-Holland Publishing Co.},
   ADDRESS = {Amsterdam},
      YEAR = {1981},
     PAGES = {xiv+615},
      ISBN = {0-444-85490-8},
   MRCLASS = {03B40 (03-02)},
  MRNUMBER = {622912 (83b:03016)},
MRREVIEWER = {B. Lercher},
}